101 123456789 1234567892411082105A094101SomeBankName           MyCompany                      
5220My Company                          123456789 PPDPMT       241108241108   1123456780000001
622063116177       05001025040000012900278U230722     Summer Staton2        R 0123456780000001
622064107994          91565710000138000278U230722     Summer Staton2        R 0123456780000002
622062003977         761460420000161000278U230722     Summer Staton2        R 0123456780000003
622262283665        6663103650000080500278U230722     Summer Staton2        R 0123456780000004
622064200930        1005872290000309600278U230722     Summer Staton2        R 0123456780000005
622061113415    00052446344880000119500278U230722     Summer Staton2        R 0123456780000006
622061101375       01616459740000528900278U230722     Summer Staton2        R 0123456780000007
622061113282           2055500000116100278U230722     Summer Staton2        R 0123456780000008
622107006606       78284574310000387000278U230722     Summer Staton2        R 0123456780000009
622264181626      100322999000000069000278U230722     Summer Staton2        R 0123456780000010
622041000124       41205902690000471500278U230722     Summer Staton2        R 0123456780000011
622262283665        1671181990000115000278U230722     Summer Staton2        R 0123456780000012
622091400486         700013080000069000278U230722     Summer Staton2        R 0123456780000013
622051903761      015211005010000412800278U230722     Summer Staton2        R 0123456780000014
622061101375       02559042700000283800278U230722     Summer Staton2        R 0123456780000015
622084000026     2200025033890000023000278U230722     Summer Staton2        R 0123456780000016
622072403473      011535095250000184000278U230722     Summer Staton2        R 0123456780000017
622231372361       10015696650000057500278U230722     Summer Staton2        R 0123456780000018
622122238200        0120201240000012900278U230722     Summer Staton2        R 0123456780000019
622021000021        7261559710000141900278U230722     Summer Staton2        R 0123456780000020
622061120628       01200197400000052500278U230722     Summer Staton2        R 0123456780000021
622084302300         800247420000345000278U230722     Summer Staton2        R 0123456780000022
622122232109       57905570850000077400278U230722     Summer Staton2        R 0123456780000023
622062001186       67592086740000748200278U230722     Summer Staton2        R 0123456780000024
622062201559         803024330000034500278U230722     Summer Staton2        R 0123456780000025
622112206297          22046650000206400278U230722     Summer Staton2        R 0123456780000026
622122239131       94381166510000080500278U230722     Summer Staton2        R 0123456780000027
622113122655       11014052330000011500278U230722     Summer Staton2        R 0123456780000028
622082907273          90865540000031500278U230722     Summer Staton2        R 0123456780000029
622267090594       98529374660000023000278U230722     Summer Staton2        R 0123456780000030
622031302955       98650577990000299000278U230722     Summer Staton2        R 0123456780000031
622043400036       68091938300000253000278U230722     Summer Staton2        R 0123456780000032
622051403164       85332770480000207000278U230722     Summer Staton2        R 0123456780000033
622082907477          20441330000046000278U230722     Summer Staton2        R 0123456780000034
622121143037          95017030000103500278U230722     Summer Staton2        R 0123456780000035
622053112550         302025720000115000278U230722     Summer Staton2        R 0123456780000036
622064000017       03468128650000080500278U230722     Summer Staton2        R 0123456780000037
622122100024        8978898900000011500278U230722     Summer Staton2        R 0123456780000038
622062206567       02182441940000090300278U230722     Summer Staton2        R 0123456780000039
622082901952       22034811010000345000278U230722     Summer Staton2        R 0123456780000040
622122232109       25720032950000046000278U230722     Summer Staton2        R 0123456780000041
622064200930        0045120010000034500278U230722     Summer Staton2        R 0123456780000042
622322281617     0007103976950000023000278U230722     Summer Staton2        R 0123456780000043
622124000737     4400310004310000010500278U230722     Summer Staton2        R 0123456780000044
622091302966        1200992050000021000278U230722     Summer Staton2        R 0123456780000045
622263191387    00002404077870000046000278U230722     Summer Staton2        R 0123456780000046
622031100089       56937681960000115000278U230722     Summer Staton2        R 0123456780000047
622056004445       00201476780000065000278U230722     Summer Staton2        R 0123456780000048
622072414255          50370310000084000278U230722     Summer Staton2        R 0123456780000049
622065405297          01374720000161000278U230722     Summer Staton2        R 0123456780000050
622031310086       12500082430000115000278U230722     Summer Staton2        R 0123456780000051
622021201383       05002162620000116500278U230722     Summer Staton2        R 0123456780000052
622122037760     0010646459610000064500278U230722     Summer Staton2        R 0123456780000053
622114000093        9600208500000107000278U230722     Summer Staton2        R 0123456780000054
622067091719       74328098660000010500278U230722     Summer Staton2        R 0123456780000055
622121000358     3251341065710000021000278U230722     Summer Staton2        R 0123456780000056
622061092387        6903325850000051600278U230722     Summer Staton2        R 0123456780000057
622072402652          10952050000057500278U230722     Summer Staton2        R 0123456780000058
622072410165        1120087600000425500278U230722     Summer Staton2        R 0123456780000059
622061113415    00052401497040000219300278U230722     Summer Staton2        R 0123456780000060
622263191387    00002412956990000299000278U230722     Summer Staton2        R 0123456780000061
622111000614        1575153500000034500278U230722     Summer Staton2        R 0123456780000062
622072410013       25519302470000655500278U230722     Summer Staton2        R 0123456780000063
622072000096       18533737670000296700278U230722     Summer Staton2        R 0123456780000064
622072414158           0398910000241500278U230722     Summer Staton2        R 0123456780000065
622051000017     4350434843710000023000278U230722     Summer Staton2        R 0123456780000066
622072000096       18538480990000567600278U230722     Summer Staton2        R 0123456780000067
622122042807         021133920000207000278U230722     Summer Staton2        R 0123456780000068
622062206567       02094958200000126500278U230722     Summer Staton2        R 0123456780000069
622265270413      200022370590000154800278U230722     Summer Staton2        R 0123456780000070
622265270413      200023971530000038700278U230722     Summer Staton2        R 0123456780000071
622053904483     2230093068090000046000278U230722     Summer Staton2        R 0123456780000072
622072403473      013832327010000129000278U230722     Summer Staton2        R 0123456780000073
622064203513        2011039190000258000278U230722     Summer Staton2        R 0123456780000074
622041000124       41465672780000046000278U230722     Summer Staton2        R 0123456780000075
622322271627        9331557870000057500278U230722     Summer Staton2        R 0123456780000076
622062206457          60171720000077400278U230722     Summer Staton2        R 0123456780000077
622053906041       89261231150000023000278U230722     Summer Staton2        R 0123456780000078
622061112843        0310161700000172500278U230722     Summer Staton2        R 0123456780000079
622121042882       56305226870000011500278U230722     Summer Staton2        R 0123456780000080
622053202130        9000114460000069000278U230722     Summer Staton2        R 0123456780000081
622053202130        5007074430000011500278U230722     Summer Staton2        R 0123456780000082
622072414158           5082830000567600278U230722     Summer Staton2        R 0123456780000083
622061000052     3340248433020000116100278U230722     Summer Staton2        R 0123456780000084
622062201559         803037870000115000278U230722     Summer Staton2        R 0123456780000085
622243373170       00629107990000103500278U230722     Summer Staton2        R 0123456780000086
622064208165    14300013694210000051600278U230722     Summer Staton2        R 0123456780000087
622272471852        1311305780000080500278U230722     Summer Staton2        R 0123456780000088
622063116177         550695330000161000278U230722     Summer Staton2        R 0123456780000089
622062201847           0142660000034500278U230722     Summer Staton2        R 0123456780000090
622054000030       55332650120000046000278U230722     Summer Staton2        R 0123456780000091
622107006606       80971849800000103200278U230722     Summer Staton2        R 0123456780000092
622041000124       41562198160000034500278U230722     Summer Staton2        R 0123456780000093
622062205791         180232290000172500278U230722     Summer Staton2        R 0123456780000094
622121143736        0530068050000023000278U230722     Summer Staton2        R 0123456780000095
622062203285          11644170000690000278U230722     Summer Staton2        R 0123456780000096
622211170282        6150141850000046000278U230722     Summer Staton2        R 0123456780000097
622062101031          41167040000230000278U230722     Summer Staton2        R 0123456780000098
622121000358     3251199049920000057500278U230722     Summer Staton2        R 0123456780000099
622053906041     3401752542010000103500278U230722     Summer Staton2        R 0123456780000100
622072000326        5352686570000080500278U230722     Summer Staton2        R 0123456780000101
622022000046       88903218810000207000278U230722     Summer Staton2        R 0123456780000102
622091900944          83062920000069000278U230722     Summer Staton2        R 0123456780000103
622111900659       64305547630000023000278U230722     Summer Staton2        R 0123456780000104
622121201814    22000050515800000051600278U230722     Summer Staton2        R 0123456780000105
622322271627        6706377790000046000278U230722     Summer Staton2        R 0123456780000106
622082900872       00252745650000034500278U230722     Summer Staton2        R 0123456780000107
622267084131        5268557930000103200278U230722     Summer Staton2        R 0123456780000108
622082900872           1077800000069000278U230722     Summer Staton2        R 0123456780000109
622062006505       11103061620000149500278U230722     Summer Staton2        R 0123456780000110
622061112843       25284312570000069000278U230722     Summer Staton2        R 0123456780000111
622063114030    80100021356240000115000278U230722     Summer Staton2        R 0123456780000112
622063114030    80100021356240000034500278U230722     Summer Staton2        R 0123456780000113
622081903867           1871510000090300278U230722     Summer Staton2        R 0123456780000114
622101100621       11000489100000161000278U230722     Summer Staton2        R 0123456780000115
622062203984        1252511020000011500278U230722     Summer Staton2        R 0123456780000116
622101217514         118360010000046000278U230722     Summer Staton2        R 0123456780000117
622081508466         301373340000172500278U230722     Summer Staton2        R 0123456780000118
622081503597          33231690000219300278U230722     Summer Staton2        R 0123456780000119
622064008611          10223340000046000278U230722     Summer Staton2        R 0123456780000120
622073903354          40635510000115000278U230722     Summer Staton2        R 0123456780000121
622111901014       46702984630000129000278U230722     Summer Staton2        R 0123456780000122
622103112594           9947010000167700278U230722     Summer Staton2        R 0123456780000123
622073913195          01096780000057500278U230722     Summer Staton2        R 0123456780000124
622263190812      074615540780000149500278U230722     Summer Staton2        R 0123456780000125
622062006534         300410400000184000278U230722     Summer Staton2        R 0123456780000126
622103112594          00039130000129000278U230722     Summer Staton2        R 0123456780000127
622022000046       98694450730000034500278U230722     Summer Staton2        R 0123456780000128
622073911676           8244580000046000278U230722     Summer Staton2        R 0123456780000129
622114000093        0815200320000090300278U230722     Summer Staton2        R 0123456780000130
622062000019       02127773740000438600278U230722     Summer Staton2        R 0123456780000131
622286573322       46080085630000057500278U230722     Summer Staton2        R 0123456780000132
622011900571     3850313818080000092000278U230722     Summer Staton2        R 0123456780000133
622121100782        0382795620000276000278U230722     Summer Staton2        R 0123456780000134
622072403004        5300905050000230000278U230722     Summer Staton2        R 0123456780000135
622101112842       12013089010000335400278U230722     Summer Staton2        R 0123456780000136
622062205791          31218440000218500278U230722     Summer Staton2        R 0123456780000137
622122101706     4570348344970000092000278U230722     Summer Staton2        R 0123456780000138
622101100964           0099460000080500278U230722     Summer Staton2        R 0123456780000139
622062006534         300417840000391000278U230722     Summer Staton2        R 0123456780000140
622121000358        4082015970000193500278U230722     Summer Staton2        R 0123456780000141
622073922607          01060390000046000278U230722     Summer Staton2        R 0123456780000142
622053100465    10002718190950000057500278U230722     Summer Staton2        R 0123456780000143
622064008637        1500189670000103500278U230722     Summer Staton2        R 0123456780000144
622303184652    14000018111420000011500278U230722     Summer Staton2        R 0123456780000145
622082900872         201680580000391000278U230722     Summer Staton2        R 0123456780000146
622103100881          19265670000722400278U230722     Summer Staton2        R 0123456780000147
622061111255           1419260000126500278U230722     Summer Staton2        R 0123456780000148
622081503597          55374440000023000278U230722     Summer Staton2        R 0123456780000149
622281573259      460018463080000593400278U230722     Summer Staton2        R 0123456780000150
622051401836     0089219693490000184000278U230722     Summer Staton2        R 0123456780000151
622102102576          11782530000180600278U230722     Summer Staton2        R 0123456780000152
622053904483     2230013562420000115000278U230722     Summer Staton2        R 0123456780000153
622101000019        3169540240000206400278U230722     Summer Staton2        R 0123456780000154
622061112843       20401717000000080500278U230722     Summer Staton2        R 0123456780000155
622082900872         275424310000335400278U230722     Summer Staton2        R 0123456780000156
622086500605        3030385940000080500278U230722     Summer Staton2        R 0123456780000157
622062203573          10305430000034500278U230722     Summer Staton2        R 0123456780000158
622121101037       12150035240000023000278U230722     Summer Staton2        R 0123456780000159
622031000503       72702891710000064500278U230722     Summer Staton2        R 0123456780000160
622062203010       20000315100000149500278U230722     Summer Staton2        R 0123456780000161
622064202255          42259840000038700278U230722     Summer Staton2        R 0123456780000162
622064202255          42259840000012900278U230722     Summer Staton2        R 0123456780000163
622064202255          42259840000038700278U230722     Summer Staton2        R 0123456780000164
622064202255          42259840000025800278U230722     Summer Staton2        R 0123456780000165
622101000187     1455749125180000080500278U230722     Summer Staton2        R 0123456780000166
622325070760        5105909920000090300278U230722     Summer Staton2        R 0123456780000167
622072000096       18528552440000046000278U230722     Summer Staton2        R 0123456780000168
622111322994       72560134000000057500278U230722     Summer Staton2        R 0123456780000169
622062206813       10104343510000011500278U230722     Summer Staton2        R 0123456780000170
622084307033         887095140000023000278U230722     Summer Staton2        R 0123456780000171
622062006505       11103515310000023000278U230722     Summer Staton2        R 0123456780000172
622062006505       11102630090000011500278U230722     Summer Staton2        R 0123456780000173
622062206813       10104367990000011500278U230722     Summer Staton2        R 0123456780000174
622103104120          86795010000283800278U230722     Summer Staton2        R 0123456780000175
622071025661       00431951630000245100278U230722     Summer Staton2        R 0123456780000176
622056004445       00855886790000057500278U230722     Summer Staton2        R 0123456780000177
622101101950         992796710000399900278U230722     Summer Staton2        R 0123456780000178
622072414064          30001630000126500278U230722     Summer Staton2        R 0123456780000179
622084201294       80136068800000218500278U230722     Summer Staton2        R 0123456780000180
622086500605    00000000254350000206400278U230722     Summer Staton2        R 0123456780000181
622321270742       72183424390000167700278U230722     Summer Staton2        R 0123456780000182
622061101375       01378055680000126500278U230722     Summer Staton2        R 0123456780000183
622104914089   810518034118220000207000278U230722     Summer Staton2        R 0123456780000184
622082900432         106788210000090300278U230722     Summer Staton2        R 0123456780000185
622107002192       26001435050000092000278U230722     Summer Staton2        R 0123456780000186
622061101375       02771602820000172500278U230722     Summer Staton2        R 0123456780000187
622082900319           2008830000206400278U230722     Summer Staton2        R 0123456780000188
622307087713       01900054390000069000278U230722     Summer Staton2        R 0123456780000189
622091000019       87918485290000011500278U230722     Summer Staton2        R 0123456780000190
622301171007          40619670000245100278U230722     Summer Staton2        R 0123456780000191
622051402550       11000846540000258000278U230722     Summer Staton2        R 0123456780000192
622081501227          27021930000115000278U230722     Summer Staton2        R 0123456780000193
622122100024        8810103960000034500278U230722     Summer Staton2        R 0123456780000194
622121201814       70400000230000116100278U230722     Summer Staton2        R 0123456780000195
622102001017        1550702800000092000278U230722     Summer Staton2        R 0123456780000196
622081514010           8950590000090300278U230722     Summer Staton2        R 0123456780000197
622081514010           8950590000038700278U230722     Summer Staton2        R 0123456780000198
622321270742       78040405120000011500278U230722     Summer Staton2        R 0123456780000199
622103103338          32235240000090300278U230722     Summer Staton2        R 0123456780000200
622321270742       67332757020000038700278U230722     Summer Staton2        R 0123456780000201
622081204540      020006449880000069000278U230722     Summer Staton2        R 0123456780000202
622053000219       28779762880000025800278U230722     Summer Staton2        R 0123456780000203
622301071709     0146002403080000103500278U230722     Summer Staton2        R 0123456780000204
622107001481       92016227780000000000278U230722     Summer Staton2        R 0123456780000205
622101001364          80492700000090300278U230722     Summer Staton2        R 0123456780000206
622072403473      011533864920000069000278U230722     Summer Staton2        R 0123456780000207
622101000695       98011454010000645000278U230722     Summer Staton2        R 0123456780000208
622325070760        2890206680000080500278U230722     Summer Staton2        R 0123456780000209
622081918425          65566820000080500278U230722     Summer Staton2        R 0123456780000210
622081000032     3550086817810000092000278U230722     Summer Staton2        R 0123456780000211
622061000227       32938249610000080500278U230722     Summer Staton2        R 0123456780000212
622101201892         104882140000356500278U230722     Summer Staton2        R 0123456780000213
622122105980        0230090870000412800278U230722     Summer Staton2        R 0123456780000214
622103112594      000017182200000245100278U230722     Summer Staton2        R 0123456780000215
622107001481       92031237280000051600278U230722     Summer Staton2        R 0123456780000216
622121141398          61184450000057500278U230722     Summer Staton2        R 0123456780000217
622086501578        0000726100000172500278U230722     Summer Staton2        R 0123456780000218
622062205791          32983370000034500278U230722     Summer Staton2        R 0123456780000219
622281573259        1600710980000322000278U230722     Summer Staton2        R 0123456780000220
622044000804    89020661385230000190700278U230722     Summer Staton2        R 0123456780000221
622086500634          10047190000080500278U230722     Summer Staton2        R 0123456780000222
622301271460       03110224460000180600278U230722     Summer Staton2        R 0123456780000223
622081501696           8074370000069000278U230722     Summer Staton2        R 0123456780000224
622044000804    89020682292130000090300278U230722     Summer Staton2        R 0123456780000225
622022000020        9170255040001354500278U230722     Summer Staton2        R 0123456780000226
622063103407       75000768010000541800278U230722     Summer Staton2        R 0123456780000227
622221970443         419539700000451500278U230722     Summer Staton2        R 0123456780000228
622121201814    22000045542790000219300278U230722     Summer Staton2        R 0123456780000229
622103012908        5120084240000164000278U230722     Summer Staton2        R 0123456780000230
622101000695       98720437150000195500278U230722     Summer Staton2        R 0123456780000231
622101000925     1500008532010000126500278U230722     Summer Staton2        R 0123456780000232
622072000326        8803956110000299000278U230722     Summer Staton2        R 0123456780000233
622064103529           2751230000090300278U230722     Summer Staton2        R 0123456780000234
622322285781        7170892210000115000278U230722     Summer Staton2        R 0123456780000235
622081001073       91006002510000023000278U230722     Summer Staton2        R 0123456780000236
622113110256         110247110000057500278U230722     Summer Staton2        R 0123456780000237
622101003317         901071360000080500278U230722     Summer Staton2        R 0123456780000238
622081508466       00111893610000046000278U230722     Summer Staton2        R 0123456780000239
622053101121    13400100677490000322000278U230722     Summer Staton2        R 0123456780000240
622073903244        2004281260000069000278U230722     Summer Staton2        R 0123456780000241
622324079555     5010126711330000092000278U230722     Summer Staton2        R 0123456780000242
622114916705       20004689720000034500278U230722     Summer Staton2        R 0123456780000243
622084201786         180340170000057500278U230722     Summer Staton2        R 0123456780000244
622062205791          33611360000057500278U230722     Summer Staton2        R 0123456780000245
622062205791          35294790000011500278U230722     Summer Staton2        R 0123456780000246
622062205791          33351000000023000278U230722     Summer Staton2        R 0123456780000247
622082900319          21859690000356500278U230722     Summer Staton2        R 0123456780000248
622267090594       98555390970000069000278U230722     Summer Staton2        R 0123456780000249
622081918425          64201110000023000278U230722     Summer Staton2        R 0123456780000250
622021201383         507771220000046000278U230722     Summer Staton2        R 0123456780000251
622065200515       90050029940000011500278U230722     Summer Staton2        R 0123456780000252
622101000035     3550043427780000138000278U230722     Summer Staton2        R 0123456780000253
622101908988       00048004810000092000278U230722     Summer Staton2        R 0123456780000254
622121201694     1537560689430000154800278U230722     Summer Staton2        R 0123456780000255
622103008404          14297180000069000278U230722     Summer Staton2        R 0123456780000256
622021201383         423789070000023000278U230722     Summer Staton2        R 0123456780000257
622121201814       10400092410000219300278U230722     Summer Staton2        R 0123456780000258
622101000695       98714876360000103200278U230722     Summer Staton2        R 0123456780000259
622101000019        0270124390000296700278U230722     Summer Staton2        R 0123456780000260
622101903336           6819890000425700278U230722     Summer Staton2        R 0123456780000261
622101000695       98714870160000103200278U230722     Summer Staton2        R 0123456780000262
622043000096       10575193850000116100278U230722     Summer Staton2        R 0123456780000263
622101000695       98722062900000116100278U230722     Summer Staton2        R 0123456780000264
622101001306         220003460000374100278U230722     Summer Staton2        R 0123456780000265
622101114109          30004350000141900278U230722     Summer Staton2        R 0123456780000266
622062000080       20494466240000011500278U230722     Summer Staton2        R 0123456780000267
622081000210     1523202660660000077400278U230722     Summer Staton2        R 0123456780000268
622101219279          21042390000296700278U230722     Summer Staton2        R 0123456780000269
622101101293        1201574110000129000278U230722     Summer Staton2        R 0123456780000270
622084001148          11098710000193500278U230722     Summer Staton2        R 0123456780000271
622211770174         336510660000077400278U230722     Summer Staton2        R 0123456780000272
622026013576       15049659410000490200278U230722     Summer Staton2        R 0123456780000273
622061000227       18249898990000025800278U230722     Summer Staton2        R 0123456780000274
622101219279          21156970000141900278U230722     Summer Staton2        R 0123456780000275
622081919356          20360020000167700278U230722     Summer Staton2        R 0123456780000276
622101101293        1201637050000064500278U230722     Summer Staton2        R 0123456780000277
622091000022     1047835706740000077400278U230722     Summer Staton2        R 0123456780000278
622044000024      018939287670000245100278U230722     Summer Staton2        R 0123456780000279
622026013576       15051746890000335400278U230722     Summer Staton2        R 0123456780000280
622053101121    00002432221170000064500278U230722     Summer Staton2        R 0123456780000281
622071006486          24430250000348300278U230722     Summer Staton2        R 0123456780000282
622121201694     1537595477940000554700278U230722     Summer Staton2        R 0123456780000283
622064209216       10906221090000116100278U230722     Summer Staton2        R 0123456780000284
622064209216       10906215720000090300278U230722     Summer Staton2        R 0123456780000285
622101908577           0509620000138000278U230722     Summer Staton2        R 0123456780000286
622101908577           0509620000011500278U230722     Summer Staton2        R 0123456780000287
622122400779        9838151350000012900278U230722     Summer Staton2        R 0123456780000288
622084101417          09455440000129000278U230722     Summer Staton2        R 0123456780000289
622236070545     3191014542820000025800278U230722     Summer Staton2        R 0123456780000290
622101089823       98601228690000799800278U230722     Summer Staton2        R 0123456780000291
622244077323       36046504940000046000278U230722     Summer Staton2        R 0123456780000292
622064008637     8001090012060000025800278U230722     Summer Staton2        R 0123456780000293
622026013576       15049638250000270900278U230722     Summer Staton2        R 0123456780000294
622053208011          13052910000103200278U230722     Summer Staton2        R 0123456780000295
622122400779        9795705790000270900278U230722     Summer Staton2        R 0123456780000296
622065301948       20003063280000038700278U230722     Summer Staton2        R 0123456780000297
622122106015       93611304480000864300278U230722     Summer Staton2        R 0123456780000298
622101000019        2050616860000270900278U230722     Summer Staton2        R 0123456780000299
622065302963          21223980000116100278U230722     Summer Staton2        R 0123456780000300
622081006162          20128650000219300278U230722     Summer Staton2        R 0123456780000301
622064000020     4440079343240000012900278U230722     Summer Staton2        R 0123456780000302
622101101950           2252820000232200278U230722     Summer Staton2        R 0123456780000303
622101201892        1268351590000103200278U230722     Summer Staton2        R 0123456780000304
622267090594       98554353130000064500278U230722     Summer Staton2        R 0123456780000305
622044000024      018939286150000296700278U230722     Summer Staton2        R 0123456780000306
622101002716       35683035700000232200278U230722     Summer Staton2        R 0123456780000307
622122105980       81891051140000064500278U230722     Summer Staton2        R 0123456780000308
622084201278         828007800000051600278U230722     Summer Staton2        R 0123456780000309
622044000024      018939287960000361200278U230722     Summer Staton2        R 0123456780000310
622026013576       15049641040000232200278U230722     Summer Staton2        R 0123456780000311
622114915272          60640430000180600278U230722     Summer Staton2        R 0123456780000312
622123205054       00210068060000116100278U230722     Summer Staton2        R 0123456780000313
622104900527        2300233350000154800278U230722     Summer Staton2        R 0123456780000314
622122105155     1517075783330000116100278U230722     Summer Staton2        R 0123456780000315
622081000210     1523236446650000090300278U230722     Summer Staton2        R 0123456780000316
622084307033         873549910000167700278U230722     Summer Staton2        R 0123456780000317
622044000024      018939286730000283800278U230722     Summer Staton2        R 0123456780000318
622064008970     0090201909810000051600278U230722     Summer Staton2        R 0123456780000319
622044000024      018939287380000258000278U230722     Summer Staton2        R 0123456780000320
622081918425          76009170000077400278U230722     Summer Staton2        R 0123456780000321
622107007139        2019889820000438600278U230722     Summer Staton2        R 0123456780000322
622114917335          16272150000064500278U230722     Summer Staton2        R 0123456780000323
622101103660             77810000283800278U230722     Summer Staton2        R 0123456780000324
622067015287         290903750000051600278U230722     Summer Staton2        R 0123456780000325
622111104617         500148850000090300278U230722     Summer Staton2        R 0123456780000326
622065300279       35006842170000129000278U230722     Summer Staton2        R 0123456780000327
622026013576       15049636550000180600278U230722     Summer Staton2        R 0123456780000328
622062205791          32838600000051600278U230722     Summer Staton2        R 0123456780000329
622301179737       00996424090000103200278U230722     Summer Staton2        R 0123456780000330
622044000024      018939290380000593400278U230722     Summer Staton2        R 0123456780000331
622081514748         050208830000038700278U230722     Summer Staton2        R 0123456780000332
622026013576       15049658440000774000278U230722     Summer Staton2        R 0123456780000333
622074904640         103225690000154800278U230722     Summer Staton2        R 0123456780000334
622081918946          12515970000154800278U230722     Summer Staton2        R 0123456780000335
622081918946          11394270000270900278U230722     Summer Staton2        R 0123456780000336
622026013576       15049649020000064500278U230722     Summer Staton2        R 0123456780000337
622062203751       23974843340000554700278U230722     Summer Staton2        R 0123456780000338
622081918425          63189430000051600278U230722     Summer Staton2        R 0123456780000339
622322271627        5688969580000115000278U230722     Summer Staton2        R 0123456780000340
622026013576       15049648720000490200278U230722     Summer Staton2        R 0123456780000341
622286580917            571600000167700278U230722     Summer Staton2        R 0123456780000342
622081518919           0313210000051600278U230722     Summer Staton2        R 0123456780000343
622114000093        0104481760001831800278U230722     Summer Staton2        R 0123456780000344
622322271627        7308050970000064500278U230722     Summer Staton2        R 0123456780000345
622064208165    10002119715430000129000278U230722     Summer Staton2        R 0123456780000346
622065405459       40041174530000038700278U230722     Summer Staton2        R 0123456780000347
622071102076         600206660000141900278U230722     Summer Staton2        R 0123456780000348
622263179804     1000046082690000077400278U230722     Summer Staton2        R 0123456780000349
622081501227          25504070001831800278U230722     Summer Staton2        R 0123456780000350
622086519159          21631010000064500278U230722     Summer Staton2        R 0123456780000351
622064208165    10002119725250000038700278U230722     Summer Staton2        R 0123456780000352
622026008866       47788496000000516000278U230722     Summer Staton2        R 0123456780000353
622122400779        7920003410000038700278U230722     Summer Staton2        R 0123456780000354
622062206444          20854640000038700278U230722     Summer Staton2        R 0123456780000355
622101001364       11008034240000064500278U230722     Summer Staton2        R 0123456780000356
622252178201    11000005254200000064500278U230722     Summer Staton2        R 0123456780000357
622064208165    10001914051080000038700278U230722     Summer Staton2        R 0123456780000358
622071102076       34568069850000038700278U230722     Summer Staton2        R 0123456780000359
622081501175          31626990000069000278U230722     Summer Staton2        R 0123456780000360
622263184488          21014520000206400278U230722     Summer Staton2        R 0123456780000361
622301170956        5800224630000025800278U230722     Summer Staton2        R 0123456780000362
622101104973           3455390000232200278U230722     Summer Staton2        R 0123456780000363
622322078464        1170956780000064500278U230722     Summer Staton2        R 0123456780000364
622114920128       10060060820000283800278U230722     Summer Staton2        R 0123456780000365
622101015046          10360120000129000278U230722     Summer Staton2        R 0123456780000366
622065002108          24251060000051600278U230722     Summer Staton2        R 0123456780000367
622051903761      014112419360000090300278U230722     Summer Staton2        R 0123456780000368
622036076150       63109751650000090300278U230722     Summer Staton2        R 0123456780000369
622062205791          32135950000090300278U230722     Summer Staton2        R 0123456780000370
622065503681        0122793550000219300278U230722     Summer Staton2        R 0123456780000371
622062206567       02069057900000219300278U230722     Summer Staton2        R 0123456780000372
622065106619       00483270760000270900278U230722     Summer Staton2        R 0123456780000373
622052000113        8035268060000051600278U230722     Summer Staton2        R 0123456780000374
622101106405               350000034500278U230722     Summer Staton2        R 0123456780000375
622081903867          00110100000193500278U230722     Summer Staton2        R 0123456780000376
622101089810       98601532350000348300278U230722     Summer Staton2        R 0123456780000377
622111916326       12010374860000051600278U230722     Summer Staton2        R 0123456780000378
622081514829           3237120000503100278U230722     Summer Staton2        R 0123456780000379
622081903867            104720000322500278U230722     Summer Staton2        R 0123456780000380
622065300279       48005886080000374100278U230722     Summer Staton2        R 0123456780000381
622121138288        2510043030000245100278U230722     Summer Staton2        R 0123456780000382
622121138288        2510027190000077400278U230722     Summer Staton2        R 0123456780000383
622121138288        2510122540000077400278U230722     Summer Staton2        R 0123456780000384
622021202337        5710371780000309600278U230722     Summer Staton2        R 0123456780000385
622321379410           3596460000012900278U230722     Summer Staton2        R 0123456780000386
622121301028       00928418390000012900278U230722     Summer Staton2        R 0123456780000387
622101000019        4425197940000619200278U230722     Summer Staton2        R 0123456780000388
622062105778         609304010000451500278U230722     Summer Staton2        R 0123456780000389
622262284431    10300000912860000077400278U230722     Summer Staton2        R 0123456780000390
622062205791          32824140000283800278U230722     Summer Staton2        R 0123456780000391
622084307033         885739360000064500278U230722     Summer Staton2        R 0123456780000392
622322271627        3007817440000038700278U230722     Summer Staton2        R 0123456780000393
622086500634          10341460000219300278U230722     Summer Staton2        R 0123456780000394
622081000210     1523209164130000025800278U230722     Summer Staton2        R 0123456780000395
622101100029         417772980001044900278U230722     Summer Staton2        R 0123456780000396
622114021933       41001375890000619200278U230722     Summer Staton2        R 0123456780000397
622101201892        0017078750000180600278U230722     Summer Staton2        R 0123456780000398
622062000080       82890019040000025800278U230722     Summer Staton2        R 0123456780000399
622111017694    14400031887480000206400278U230722     Summer Staton2        R 0123456780000400
622122037760     0010646391740000645000278U230722     Summer Staton2        R 0123456780000401
622084201294       80165983900000141900278U230722     Summer Staton2        R 0123456780000402
622301171007       22300044890000167700278U230722     Summer Staton2        R 0123456780000403
82200004034230400268000000000000000068318500123456789                          123456780000001
9000001000041000004034230400268000000000000000068318500                                       
