101 123456789 1234567892411080154A094101SomeBankName           MyCompany                      
5220My Company                          123456789 PPDPMT       241108241108   1123456780000001
622091000019     123456789012000001005012345          John Doe              R 0123456780000001
622091000019     234567890123000002007567890          Jane Smith            R 0123456780000002
622091000019     345678901234000000500013579          Bob Johnson           R 0123456780000003
82200000030027300003000000000000000000035125123456789                          123456780000001
9000001000001000000030027300003000000000000000000035125                                       
